@article{kreyszig,
author={E. Kreyszig},
title={Introductory Functional Analysis with Applications},
journal={John Wiley, Hoboken},
year={1978}}

@article{morosanu,
author={Gheorghe Moro\c{s}anu},
title={Functional Analysis for the Applied Sciences},
journal={Universitext}}

@article{micula,
author={G. Micula, P. Pavel},
title={Ecua\c{t}ii diferen\c{t}iale \c{s}i integrale prin probleme \c{s}i exerci\c{t}ii,},
journal={Editura Dacia},
year={1989}}

@article{gmorosanu,
author={G. Moro\c{s}anu},
title={Functional Analysis for the Applied Sciences},
journal={Springer International Publishing},
year={2019}}

@article{sburlan,
author={S. Sburlan, L. Barbu, C. Mortici},
title={Ecua\c{t}ii diferen\c{t}iale, integrale \c{s}i sisteme dinamice},
journal={Editura Exponto, Constan\c{t}a},
year={1999}}

@article{silov,
author={G. E. Șilov},
title={Analiz\u{a} Matematic\u{a}},
journal={Ed. \c{S}tiințific\u{a} \c{s}i Enciclopedic\u{a}, Bucure\c{s}ti},
year={1989}}